<?xml version="1.0" encoding="UTF-8"?><collection xmlns="http://www.loc.gov/MARC21/slim"><record><leader>00551nam--2200193-i-4500</leader><controlfield tag="001">000039523</controlfield><controlfield tag="002">20161230</controlfield><controlfield tag="005">20161230201042</controlfield><controlfield tag="008">060222s1000------------r-----000-0-eng-d</controlfield><datafield ind1=" " ind2=" " tag="040"><subfield code="a">IFIN-HH</subfield></datafield><datafield ind1=" " ind2=" " tag="080"><subfield code="a">537:538</subfield></datafield><datafield ind1="1" ind2=" " tag="100"><subfield code="a">Kurrelmeyer, Bernhard</subfield></datafield><datafield ind1=" " ind2=" " tag="245"><subfield code="a">Electricity and magnetism</subfield><subfield code="c">Bernhard kurrelmeyer; walter h. mais</subfield></datafield><datafield ind1=" " ind2=" " tag="260"><subfield code="a">Pricerton, New Jersey</subfield><subfield code="b">D.Van Nostrand Company, Inc</subfield><subfield code="c">1967</subfield></datafield><datafield ind1=" " ind2=" " tag="300"><subfield code="a">509P</subfield></datafield><datafield ind1=" " ind2=" " tag="490"><subfield code="a">University Physics Series</subfield></datafield><datafield ind1="1" ind2=" " tag="700"><subfield code="a">Mais, Walter H</subfield></datafield><datafield ind1=" " ind2=" " tag="852"><subfield code="a">35385</subfield><subfield code="c">537:538</subfield></datafield><datafield ind1=" " ind2=" " tag="CAT"><subfield code="a">Sys</subfield><subfield code="c">20110617</subfield><subfield code="h">122106</subfield></datafield></record></collection>